@TECHREPORT{cvut,
	url = "http://noel.feld.cvut.cz/vyu/a2m99czs/pdf/awgn.pdf",
	author = {Petr Kačmařík},
	title = {Vlastnosti a modelovaní aditivního bílého šumu s normálním rozdělením},	
	institution = {ČVUT},
	year = {2009}
}


@Misc{mspr,
	OPTkey 			= {•},
	author 			= {Petr Sysel},
	title 			= {Signálové procesory (MPC-SPR 19/20Z)},
	howpublished 	= {[online]},
	year 			= {2019},
	OPTnote 		= {•},
	OPTannote 		= {•},
	URL 			= {https://moodle.vutbr.cz/course/view.php?id=194086},
}
